@book{Bruegge2004,
  author    = {Bernd Br{\"u}gge and
               Allen H. Dutoit},
  title     = {Object-oriented software engineering - using UML, patterns and Java (2nd ed.)},
  publisher = {Prentice Hall},
  year      = {2004},
  isbn      = {978-0-13-191179-6}
}

@BOOK{Cook2005,
  title = {Smart Environment: Technologies, Protocols and Applications},
  publisher = {Wiley-Interscience},
  year = {2005},
  author = {Diane J. Cook and Sajal K. Das},
  timestamp = {2013.10.17}
}

@BOOK{ESB,
  title = {SOA Design Patterns},
  publisher = {Prentice Hall},
  year = {2008},
  author = {Thomas Erl},
  timestamp = {2013.10.31}
}

@BOOK{ESBBook,
  title = {Patterns: Integrating Enterprise Service Buses in a Service-Oriented Architecture},
  publisher = {IBM Redbooks},
  year = {2005},
  author = {Martin Keen, Jonathan Bond, Jerry M. Denman, , Stuart Foster, Stepan Husek, Ben Thompson and Helen Wylie},
  timestamp = {2013.10.17}
}

@BOOK{Mayer88,
  title = {Object-Oriented Software Construction},
  publisher = {Prentice hall},
  year = {1988},
  author = {Meyer, Bertrand},
  timestamp = {2013.10.17}
}

@ARTICLE{MW93,
  author = {Mark Weiser},
  title = {Hot topics-ubiquitous computing},
  journal = {Computer 26},
  year = {1993},
  volume = {10},
  pages = {71-72},
  file = {:p3-weiser.pdf:PDF;:UbiComp.pdf:PDF},
  timestamp = {2013.10.02}
}

@BOOK{Inside03,
  title = {Inside the Smart Home},
  publisher = {Springer},
  year = {2003},
  author = {Richard Harper},
  timestamp = {2013.10.17}
}

@ARTICLE{Lupiana09,
  author = {D. Lupiana, Z. Omaray, F. Mtenzi and Ciaran O'Driscoll},
  title = {Smart Spaces in Ubiquitous Computing},
  journal = {4th International Conference on Information Technology},
  year = {2009},
  timestamp = {2013.10.02}
}

@BOOK{Buschmann,
  title = {Pattern oriented software architecture: a system of patters},
  publisher = {Wiley},
  year = {1999},
  author = {F. Buschmann, 
  			R. Meunier, 
  			H. Rohnert, 
  			P. Sommerland and
			M. Stal},
  timestamp = {2013.10.17}
}

@ARTICLE{Def1,
  author = {S. Helal, W. Mann, H. El-Zabadani, J. King, Y. Kaddoura, and E. Jansen},
  title = {The gator tech smart house: A programmable	
	pervasive space},
  journal = {Computer},
  year = {2005},
  volume = {38},
  pages = {50-60},
  timestamp = {2013.10.17}
}

@ARTICLE{Def2,
  author = {Rosenthal, Lynne, and Vincent Stanford},
  title = {NIST smart space: pervasive computing initiative},
  journal = {Proceedings of IEEE 9th International Workshops},
  year = {2000},
  pages = {6-11},
  timestamp = {2013.10.17}
}


@article{Def3,
  title={Managing adaptive versatile environments},
  author={Youngblood, G Michael and Cook, Diane J and Holder, Lawrence B},
  journal={Pervasive and Mobile Computing},
  volume={1},
  number={4},
  pages={373--403},
  year={2005},
  publisher={Elsevier}
}


@ARTICLE{Def4,
  author = {Nixon  Paddy, Simon Dobson, and Gerard Lacey},
  title = {Managing Smart Environments},
  journal = {Proceedings of the Workshop on Software Engineering for Wearable
	and Pervasive Computing},
  year = {2000},
  timestamp = {2013.10.17}
}

@ARTICLE{homeAutimation01,
  author = {David Fuschelberger, Ioannis Pyrounakis,Tasos Dagiuklas, Nikolaos
	S. Voros and Carlos Ribeiro},
  title = {Next Generation Smart Home Systems using Hardware Acceleration Techniques},
  journal = {IEEE Computer Society Annual Symposium},
  year = {2001},
  pages = {367-368},
  timestamp = {2013.10.17}
}

@ARTICLE{use01,
  author = {Miskelly, Frank G},
  title = {Assistive technology in elderly care},
  journal = {Age and ageing 30},
  year = {2001},
  volume = {6},
  pages = {455-458},
  timestamp = {2013.10.17}
}

@Misc{SOAOnline,
title = {The SOA Source Group: What is SOA? },
year = {2011},
howpublished = "Website",
note = "Available online at \url{http://www.opengroup.org/soa/source-book/soa/soa.htm#soa_definition};
visited on October 17th 2013",
}



@Misc{WSOnline,
title = {W3C Working Group: Web Services },
year = {2004},
howpublished = "Website",
note = "Available online at \url{http://www.w3.org/TR/2004/NOTE-ws-gloss-20040211/#webservice};
visited on October 17th 2013",
}

@Misc{Resteasy,
title = {RestEasy Framework Home Page },
year = {2013},
howpublished = "Website",
note = "Available online at \url{http://www.jboss.org/resteasy};
visited on October 17th 2013",
}

@Misc{Jersey,
title = {Jersey Framework Home Page},
year = {2013},
howpublished = "Website",
note = "Available online at \url{https://jersey.java.net/};
visited on October 17th 2013",
}

@Misc{CXF,
title = {Apache CXF Framework Home Page},
year = {2013},
howpublished = "Website",
note = "Available online at \url{http://cxf.apache.org/};
visited on October 17th 2013",
}

@Misc{Restlet,
title = {Restlet Framework Home Page},
year = {2013},
howpublished = "Website",
note = "Available online at \url{http://restlet.org/};
visited on October 17th 2013",
}


@Misc{Activemq,
title = {ActiveMQ Messaging Server Home Page},
year = {2013},
howpublished = "Website",
note = "Available online at \url{http://activemq.apache.org/};
visited on October 17th 2013",
}

@Misc{json,
title = {Javascript Object Notation Homepage},
year = {1999},
howpublished = "Website",
note = "Available online at \url{http://www.json.org/};
visited on October 17th 2013",
}

@Misc{httpVSjms,
title = {Performance of SOAP/HTTP vs. SOAP/JMS},
year = {2008},
howpublished = "Website",
note = "Available online at \url{http://java.dzone.com/articles/performance-soaphttp-vs-soapjm};
visited on October 17th 2013",
}


@Misc{Hue,
title = {Philips Hue Developer's Documentation},
year = {2013},
howpublished = "Website",
note = "Available online at \url{http://developers.meethue.com/1_lightsapi.html};
visited on October 17th 2013",
}

@Misc{Hibernate,
title = {Hibernate Project Home Page},
year = {2013},
howpublished = "Website",
note = "Available online at \url{http://www.hibernate.org/};
visited on October 17th 2013",
}

@Misc{Drools,
title = {Drools Project Home Page},
year = {2013},
howpublished = "Website",
note = "Available online at \url{http://www.jboss.org/drools/};
visited on October 17th 2013",
}

@Misc{OASIS,
title = {eXtensible Access Control Markup Language (XACML) Version 3.0 OASIS Standard},
year = {2013},
howpublished = "Website",
note = "Available online at \url{https://www.oasis-open.org/committees/tc_home.php?wg_abbrev=xacml#CURRENT};
visited on October 17th 2013",
}

@Misc{MVEL,
title = {MVEL Project Home Page},
year = {2006},
howpublished = "Website",
note = "Available online at \url{http://mvel.codehaus.org/};
visited on October 17th 2013",	
}

@Misc{XACML,
title = {General Information about XACML},
year = {2013},
howpublished = "Website",
note = "Available online at \url{http://en.wikipedia.org/wiki/XACML};
visited on October 17th 2013",
}

@Misc{sunXACML,
title = {Sun XACML Implementation Project},
year = {2006},
howpublished = "Website",
note = "Available online at \url{http://sunxacml.sourceforge.net/};
visited on October 17th 2013",
}



@Misc{Balana,
title = {Balana XACML 3.0 Project Home Page},
year = {2013},
howpublished = "Website",
note = "Available online at \url{http://xacmlinfo.org/2012/08/16/balana-the-open-source-xacml-3-0-implementation};
visited on October 17th 2013",
}

@Misc{Axis2,
title = {Apache Axis2 Framework Home Page},
year = {2013},
howpublished = "Website",
note = "Available online at \url{http://axis.apache.org/axis2/java/core/};
visited on October 17th 2013",
}

@article{XML,
  title={The space efficiency of XML},
  author={Ramon Lawrence},
  journal={Information and Software Technology},
  volume={46},
  number={11},
  pages={753-759},
  year={2004},
  publisher={Elsevier}
}

@article{xmlVSjson,
  title={Comparison of JSON and XML Data Interchange Formats: A Case Study.},
  author={Nurzhan Nurseitov, Michael Paulson, Randall Reynolds and Clemente Izurieta},
  journal={CAINE},
  volume={2009},
  pages={157-162},
  year={2009}
}

@inproceedings{mavhome,
  title={MavHome: An agent-based smart home},
  author={Diane J. Cook, Michael Youngblood, Edwin O. Heierman III, Karthik Gopalratnam, Sira Rao, Andrey Litvin and Farah Khawaja},
  booktitle={Pervasive Computing and Communications, 2003.(PerCom 2003). Proceedings of the First IEEE International Conference on},
  pages={521--524},
  year={2003},
  organization={IEEE}
}

@ARTICLE{mobileAgents,
  author = {Chao-Lin Wu, Chun-Feng Liao and Li-Chen Fu},
  title = {Service-Oriented Smart-Home Architecture Based on OSGi and Mobile-Agent
	Technology},
  journal = {Systems, Man, and Cybernetics, Part C: Applications and Reviews,
	IEEE Transactions},
  year = {2007},
  pages = {193-205},
  file = {:04106037.pdf:PDF},
  timestamp = {2013.10.29}
}

@ARTICLE{zigbee,
  author = {Lingling Li, Weicheng Xie, Ziyang He, Xin Xu, 
	
	Changmin Chen, and Xiaorong Cui},
  title = {Design of Smart Home Control System 
	
	Based on ZigBee and Embedded Web Technology},
  journal = {Artificial Intelligence and Computational Intelligence. Springer
	Berlin Heidelberg, 2012. 67-74.},
  year = {2012},
  file = {:10.1007_978-3-642-33478-8_9.pdf:PDF},
  timestamp = {2013.06.11}
}

@ARTICLE{smartGrid,
  author = {Ko\ss, D., Bytschkow, D., Gupta, P. K., Schatz, B., Sellmayr, F. and
	Bauerei\ss, S.},
  title = {Establishing a smart grid node architecture and demonstrator in an
	office environment using the soa approach},
  journal = {Software Engineering for the Smart Grid (SE4SG), 2012 International
	Workshop},
  year = {2012},
  pages = {8-14},
  file = {:SmartGrid-SOA2012.pdf:PDF},
  timestamp = {2013.10.29}
}

@book{agents,
  title={Applications of intelligent agents},
  author={Nicholas R. Jennings and Michael Wooldridge},
  year={1998},
  publisher={Springer}
}

@article{ma,
  title={Seven good reasons for mobile agents},
  author={Danny B. Lange and Mitsuru Oshima},
  journal={Communications of the ACM},
  volume={42},
  number={3},
  pages={88--89},
  year={1999},
  publisher={ACM}
}

@article{alliance2006zigbee,
  title={ZigBee specification},
  author={Alliance, ZigBee},
  journal={Document 053474r06, Version},
  volume={1},
  year={2006}
}

@BOOK{GoF,
  title = {Design Patterns: Elements of Reusable Object-Oriented Software},
  publisher = {Addison Wesely},
  year = {2003},
  author = {Erich Gamma, Ralph Johnson, Richard Helm and John Vlissides},
  timestamp = {2013.11.04}
}

@ARTICLE{barlow,
  author = {J. Barlow},
  title = {Smart Homes Project. User Needs Analysis.},
  journal = {Report to the Joseph Rowntree Foundation},
  year = {1997},
}


@Misc{EIB,
title = {General information about European Installation Bus},
year = {2013},
howpublished = "Website",
note = "Available online at \url{http://de.wikipedia.org/wiki/Europ%C3%A4ischer_Installationsbus};
visited on November 20th 2013",
}

@Misc{KNX,
title = {KNX standard homepage},
year = {2013},
howpublished = "Website",
note = "Available online at \url{http://www.knx.org/};
visited on November 20th 2013",
}


@Misc{batibus,
title = {BatiBus General Information},
year = {2013},
howpublished = "Website",
note = "Available online at \url{http://de.wikipedia.org/wiki/BatiBus};
visited on November 20th 2013",
}

@Misc{EHS,
title = {European Home System Protocol General Information},
year = {2013},
howpublished = "Website",
note = "Available online at \url{http://en.wikipedia.org/wiki/European_Home_Systems_Protocol};
visited on November 20th 2013",
}

@Misc{EIA,
title = {U.S. Energy Information Administration World Energy Consumption Projection},
year = {2013},
howpublished = "Website",
note = "Available online at \url{http://www.eia.gov/todayinenergy/detail.cfm?id=12251};
visited on November 20th 2013",
}

@Misc{EIA1,
title = {How much energy is consumed in residential and commercial buildings in the U.S.?},
year = {2013},
howpublished = "Website",
note = "Available online at \url{http://www.eia.gov/tools/faqs/faq.cfm?id=86&t=1};
visited on November 20th 2013",
}

@Misc{MAPA,
title = {100 products and technologies for energy conservation},
year = {2013},
howpublished = "Website",
note = "Available online at \url{http://mapawatt.com/2011/07/17/100-products-and-technologies-energy-conservation};
visited on November 20th 2013",
}


@Misc{WHO,
title = {Ageing and Life Course},
year = {2013},
howpublished = "Website",
note = "Available online at \url{http://www.who.int/ageing/en/};
visited on November 20th 2013",
}

@Misc{CDC,
title = {Falls Among Older Adults: An Overview},
year = {2013},
howpublished = "Website",
note = "Available online at \url{http://www.cdc.gov/homeandrecreationalsafety/falls/adultfalls.html};
visited on November 20th 2013",
}

@Misc{FD,
title = {The U.S. Fire Problem},
year = {2013},
howpublished = "Website",
note = "Available online at \url{http://www.nfpa.org/research/fire-statistics/the-us-fire-problem};
visited on November 20th 2013",
}

@article{IoT,
  title={The internet of things: A survey},
  author={Atzori, Luigi and Iera, Antonio and Morabito, Giacomo},
  journal={Computer Networks},
  volume={54},
  number={15},
  pages={2787--2805},
  year={2010},
  publisher={Elsevier}
}


@Misc{TAG,
title = {From M2M to The Internet of Things: Viewpoints From Europe},
year = {2013},
howpublished = "Website",
note = "Available online at \url{http://www.techvibes.com/blog/from-m2m-to-the-internet-of-things-viewpoints-from-europe-2011-07-07};
visited on November 20th 2013",
}