% This file was created with JabRef 2.9.2.
% Encoding: UTF8

@BOOK{BD03,
  title = {Object-Oriented Software Engineering: Using UML, Patterns and Java},
  publisher = {Prentice Hall},
  year = {2003},
  author = {Bernd Bruegge, Allen H. Dutoit},
  timestamp = {2013.10.17}
}

@BOOK{Cook2005,
  title = {Smart Environment: Technologies, Protocols and Applications},
  publisher = {Wiley-Interscience},
  year = {2005},
  author = {Diane J. Cook and Sajal K. Das},
  timestamp = {2013.10.17}
}

@ARTICLE{LOM09,
  author = {Dennis Lupiana, Zanifa Omary, Fredrick Mtenzi, Ciaran O’Driscoll},
  title = {Smart Spaces in Ubiquitous Computing},
  journal = {4th International Conference on Information Technology-ICIT},
  year = {2009},
  __markedentry = {[stefan:2]},
  file = {:632zanifa.pdf:PDF},
  timestamp = {2013.10.02}
}

@ARTICLE{GS08,
  author = {Crhistian Alberto Noriega Guerra and Flavio Soares Correa da Silva},
  title = {A Middleware for Smart Environments},
  journal = {AISB 2008 Convention Communication, Interaction and Social Intelligence.
	Vol. 1.},
  year = {2008},
  file = {:04.pdf:PDF},
  timestamp = {2013.06.03}
}

@BOOK{RH03,
  title = {Inside the Smart Home},
  publisher = {Springer},
  year = {2003},
  author = {Richard Harper},
  file = {:Useful/Inside the Smart Home - Popravljeno.pdf:PDF},
  timestamp = {2013.10.17}
}

@ARTICLE{KJT11,
  author = {Kenneth J.Turner},
  title = {Flexible Management of Smart Homes},
  journal = {Journal of Ambient Intelligence and Smart Environments pp: 83-109.},
  year = {2011},
  __markedentry = {[stefan:1]},
  file = {:flex-smart.pdf:PDF},
  timestamp = {2013.06.11}
}

@ARTICLE{BHLC09,
  author = {Kuderna-Iulian Benţa, Amalia Hoszu, Lucia Vacariu, Octavian Cret},
  title = {Agent Based Smart House Platform with Affective Control},
  journal = {Proceedings of the 2009 Euro American Conference on Telematics and
	Information Systems: New Opportunities to increase Digital Citizenship},
  year = {2009},
  __markedentry = {[stefan:1]},
  timestamp = {2013.06.12}
}

@ARTICLE{LXXCC12,
  author = {Lingling Li, Weicheng Xie, Ziyang He, Xin Xu, 
	
	Changmin Chen, and Xiaorong Cui},
  title = {Design of Smart Home Control System 
	
	Based on ZigBee and Embedded Web Technology},
  journal = {Artificial Intelligence and Computational Intelligence. Springer
	Berlin Heidelberg, 2012. 67-74.},
  year = {2012},
  __markedentry = {[stefan:1]},
  timestamp = {2013.06.11}
}

@MASTERSTHESIS{SP11,
  author = {Sebastian Peters},
  title = {A framework for the intuitive control of smart home and office environments},
  school = {Technische Universitat Munchen},
  year = {2011},
  file = {:Master Thesis.pdf:PDF},
  timestamp = {2013.05.30}
}

@ARTICLE{RK11,
  author = {Christian Reinisch and Wolfgang Kastner},
  title = {Agent based Control in the Smart Home},
  journal = {IECON 2011-37th Annual Conference on IEEE Industrial Electronics
	Society},
  year = {2011},
  __markedentry = {[stefan:1]},
  file = {:06119275.pdf:PDF},
  timestamp = {2013.06.12}
}

@ARTICLE{CR10,
  author = {Carsten Röcker},
  title = {Services and Applications for Smart Office Environments - A Survey
	of State-of-the-Art Usage Scenarios},
  journal = {Proceedings of the International Conference on Computer and Information
	Technology (ICCIT'10), pp. 387 - 403},
  year = {2010},
  timestamp = {2013.05.30}
}

@ARTICLE{ZSLZ09,
  author = {Wang Zhenxing, Wei Shutao,Shi Linxiang ,Liu Zhongyuan},
  title = {The Analysis \& Implementation Of Smart Home Control System},
  journal = {International Conference on Information Management and Engineering},
  year = {2009},
  __markedentry = {[stefan:1]},
  file = {:05077094.pdf:PDF},
  timestamp = {2013.06.11}
}

@ARTICLE{MW93,
  author = {Mark Weiser},
  title = {Hot topics-ubiquitous computing},
  journal = {Computer 26, no. 10: 71-72.},
  year = {1993},
  __markedentry = {[stefan:2]},
  file = {:p3-weiser.pdf:PDF;:UbiComp.pdf:PDF},
  timestamp = {2013.10.02}
}

@ARTICLE{YM03,
  author = {Wataru Yamazaki and Fumio Mizoguchi},
  title = {Design and Implementation of Access Control System for Smart Oﬃce
	Environment},
  journal = {In Software Security—Theories and Systems (pp. 249-262), Springer
	Berlin Heidelberg},
  year = {2003},
  timestamp = {2013.06.10}
}

