%% This BibTeX bibliography file was created using BibDesk.
%% http://bibdesk.sourceforge.net/


%% Created for Mertcan Yigin at 2015-10-12 17:16:03 +0200 


%% Saved with string encoding Unicode (UTF-8) 



@article{33,
	Author = {P. Levis and S. Madden and J. Polastre and R. Szewczyk and K. Whitehouse and A. Woo and D. Gay and J. Hill and M. Welsh and E. Brewer and D. Culler},
	Date-Added = {2015-10-12 15:08:45 +0000},
	Date-Modified = {2015-10-12 15:10:36 +0000},
	Journal = {IEEE},
	Title = {TinyOS: An Operating System for Sensor Networks},
	Year = {2005}}

@article{32,
	Author = {Christian Becker and Marcus Handte and Gregor Schiele and Kurt Rothermel},
	Date-Added = {2015-10-12 15:06:34 +0000},
	Date-Modified = {2015-10-12 15:07:17 +0000},
	Journal = {IEEE},
	Title = {PCOM -- A Component System for Pervasive Computing},
	Year = {2004}}

@article{31,
	Author = {Christian Becker and Gregor Schiele and Holger Gubbels and Kurt Rothermel},
	Date-Added = {2015-10-12 15:04:46 +0000},
	Date-Modified = {2015-10-12 15:06:15 +0000},
	Journal = {IEEE},
	Title = {BASE - A Micro-broker-based Middleware For Pervasive Computing},
	Year = {2003}}

@article{30,
	Author = {Torben Weis and Mirko Knoll and Andreas Ulbrich and Gero M{\"u}hl and Alexander Br{\"a}ndle},
	Date-Added = {2015-10-12 15:00:51 +0000},
	Date-Modified = {2015-10-12 15:02:25 +0000},
	Journal = {IEEE},
	Title = {Rapid Prototyping for Pervasive Applications},
	Year = {2007}}

@misc{29,
	Author = {Available online at\url{http://fritzing.org/home/}},
	Date-Added = {2015-10-12 14:56:42 +0000},
	Date-Modified = {2015-10-12 14:57:52 +0000},
	Howpublished = {Website},
	Title = {Fritzing}}

@article{28,
	Author = {PaoloCosta and GeoffCoulson and Cecilia Mascolo and GianPietroPicco and StefanosZachariadis},
	Date-Added = {2015-10-12 14:50:08 +0000},
	Date-Modified = {2015-10-12 14:51:26 +0000},
	Journal = {IEEE},
	Title = {TheRUNES Middleware:A Reconfigurable Component-based Approach toNetworked Embedded Systems},
	Year = {2005}}

@misc{27,
	Author = {Available online at\url{https://c9.io/}},
	Date-Added = {2015-10-12 14:48:02 +0000},
	Date-Modified = {2015-10-12 14:48:19 +0000},
	Howpublished = {Website},
	Title = {Cloud 9}}

@misc{26,
	Author = {Available online at\url{http://www.espruino.com/}},
	Date-Added = {2015-10-12 14:47:23 +0000},
	Date-Modified = {2015-10-12 14:47:41 +0000},
	Howpublished = {Website},
	Title = {Espruino}}

@misc{25,
	Author = {Available online at\url{http://www.netmf.com/gadgeteer/}},
	Date-Added = {2015-10-12 14:46:40 +0000},
	Date-Modified = {2015-10-12 14:47:00 +0000},
	Howpublished = {Website},
	Title = {Gadgeteer}}

@misc{24,
	Author = {Available online at\url{http://www.intel.com/content/www/us/en/do-it-yourself/edison.html}},
	Date-Added = {2015-10-12 14:45:34 +0000},
	Date-Modified = {2015-10-12 14:45:56 +0000},
	Howpublished = {Website},
	Title = {Intel Edison}}

@misc{23,
	Author = {Available online at\url{https://www.raspberrypi.org/}},
	Date-Added = {2015-10-12 14:44:45 +0000},
	Date-Modified = {2015-10-12 14:45:02 +0000},
	Howpublished = {Website},
	Title = {Rasberry-Pie}}

@misc{22,
	Author = {Available online at\url{http://beagleboard.org/bone}},
	Date-Added = {2015-10-12 14:43:43 +0000},
	Date-Modified = {2015-10-12 14:44:06 +0000},
	Howpublished = {Website},
	Title = {Beaglebone}}

@misc{21,
	Author = {Available online at\url{https://en.wikipedia.org/wiki/Weka_(machine_learning)}},
	Date-Added = {2015-10-12 14:41:23 +0000},
	Date-Modified = {2015-10-12 14:41:55 +0000},
	Howpublished = {Website},
	Title = {WEKA}}

@misc{20,
	Author = {Available online at\url{www.mathworks.com/products/matlab/}},
	Date-Added = {2015-10-12 14:39:24 +0000},
	Date-Modified = {2015-10-12 14:40:09 +0000},
	Howpublished = {Website},
	Title = {Matlab}}

@book{Buschmann,
	Author = {F. Buschmann and R. Meunier and H. Rohnert and P. Sommerland and M. Stal},
	Date-Added = {2015-10-12 13:46:21 +0000},
	Date-Modified = {2015-10-12 13:46:48 +0000},
	Publisher = {Wiley},
	Title = {Pattern oriented software architecture: a system of patters},
	Year = {1999}}

@book{GoF,
	Author = {Erich Gamma and Ralph Johnson and Richard Helm and John Vlissides},
	Date-Added = {2015-10-12 13:45:36 +0000},
	Date-Modified = {2015-10-12 13:46:10 +0000},
	Publisher = {Addison Wesely},
	Title = {Design Patterns: Elements of Reusable Object-Oriented Software},
	Year = {2003}}

@article{19,
	Author = {Bernd Bruegge and Juergen Hoeher and Markus Fink and Juan Haladjian and Zardosht Hodaie and Mertcan Yigin and Han Xu},
	Date-Added = {2015-10-12 13:20:37 +0000},
	Date-Modified = {2015-10-12 13:33:10 +0000},
	Journal = {ISWC},
	Title = {KneeHapp: a Smart Bandage for Rehabilitation of Knee Injuries},
	Year = {2015}}

@misc{18,
	Author = {Available online at\url{http://www.bluej.org/}},
	Date-Added = {2015-10-12 13:17:45 +0000},
	Date-Modified = {2015-10-12 14:21:21 +0000},
	Howpublished = {Website},
	Title = {Bluej},
	Url = {http://www.bluej.org/},
	Bdsk-Url-1 = {http://www.bluej.org/}}

@misc{17,
	Author = {Available online at\url{http://www.greenfoot.org/home}},
	Date-Added = {2015-10-12 13:17:30 +0000},
	Date-Modified = {2015-10-12 14:21:05 +0000},
	Howpublished = {Website},
	Title = {Greenfoot},
	Url = {http://www.greenfoot.org/home},
	Bdsk-Url-1 = {http://www.greenfoot.org/home}}

@misc{16,
	Author = {Available online at\url{https://processing.org/}},
	Date-Added = {2015-10-12 13:17:12 +0000},
	Date-Modified = {2015-10-12 14:20:46 +0000},
	Howpublished = {Website},
	Title = {Processing},
	Url = {https://processing.org/},
	Bdsk-Url-1 = {https://processing.org/}}

@misc{15,
	Author = {Available online at\url{https://www.khanacademy.org/}},
	Date-Added = {2015-10-12 13:16:54 +0000},
	Date-Modified = {2015-10-12 14:20:27 +0000},
	Howpublished = {Website},
	Title = {Khanacademy},
	Url = {https://www.khanacademy.org/},
	Bdsk-Url-1 = {https://www.khanacademy.org/}}

@misc{14,
	Author = {Bret Victor},
	Date-Added = {2015-10-12 13:14:20 +0000},
	Date-Modified = {2015-10-12 14:25:41 +0000},
	Howpublished = {Website},
	Title = {Learnable Programming: Designing a programming system for understanding programs},
	Urldate = {2015},
	Year = {Available online at\url{http://worrydream.com/#!/LearnableProgramming}}}

@misc{13,
	Author = {Available online at\url{https://developer.apple.com/swift/}},
	Date-Added = {2015-10-12 13:12:55 +0000},
	Date-Modified = {2015-10-12 14:19:43 +0000},
	Howpublished = {Website},
	Title = {Swift},
	Url = {https://developer.apple.com/swift/},
	Bdsk-Url-1 = {https://developer.apple.com/swift/}}

@mastersthesis{12,
	Author = {Justin B. Chong},
	Date-Added = {2015-10-12 13:11:47 +0000},
	Date-Modified = {2015-10-12 13:12:47 +0000},
	Month = {9},
	School = {Virginia Polytechnic Institute and State University},
	Title = {Activity Recognition Processing in a Self-Contained Wearable System},
	Year = {2008}}

@article{11,
	Author = {Chee-Yee Chong and Kumar S.P},
	Date-Added = {2015-10-12 13:08:59 +0000},
	Date-Modified = {2015-10-12 13:32:43 +0000},
	Journal = {IEEE},
	Month = {8},
	Number = {8},
	Title = {Sensor Networks: Evolution, Opportunities, and Challenges},
	Volume = {91},
	Year = {2003},
	Bdsk-File-1 = {YnBsaXN0MDDUAQIDBAUGJCVYJHZlcnNpb25YJG9iamVjdHNZJGFyY2hpdmVyVCR0b3ASAAGGoKgHCBMUFRYaIVUkbnVsbNMJCgsMDxJXTlMua2V5c1pOUy5vYmplY3RzViRjbGFzc6INDoACgAOiEBGABIAFgAdccmVsYXRpdmVQYXRoWWFsaWFzRGF0YV8QTi4uLy4uL3BhcGVycy8xMSkgU2Vuc29yIE5ldHdvcmtzLSBFdm9sdXRpb24sIE9wcG9ydHVuaXRpZXMsIGFuZCBDaGFsbGVuZ2VzLnBkZtIXCxgZV05TLmRhdGFPEQJSAAAAAAJSAAIAAAxNYWNpbnRvc2ggSEQAAAAAAAAAAAAAAAAAAADKuVN0SCsAAASmNpAfMTEpIFNlbnNvciBOZXR3b3JrcyM0Qjg4OEVDLnBkZgAAAAAAAAAAAAAAAAAAAAAAAAAAAAAAAAAAAAAAAAAABLiI7NFRilUAAAAAAAAAAAACAAIAAAkgAAAAAAAAAAAAAAAAAAAABnBhcGVycwAQAAgAAMq5N1QAAAARAAgAANFRbjUAAAABABQEpjaQBKEfDgAOn20ABR7yAADAIwACAFpNYWNpbnRvc2ggSEQ6VXNlcnM6AG1lcnRjYW55aWdpbjoARHJvcGJveDoAVGhlc2lzOgBwYXBlcnM6ADExKSBTZW5zb3IgTmV0d29ya3MjNEI4ODhFQy5wZGYADgCEAEEAMQAxACkAIABTAGUAbgBzAG8AcgAgAE4AZQB0AHcAbwByAGsAcwAtACAARQB2AG8AbAB1AHQAaQBvAG4ALAAgAE8AcABwAG8AcgB0AHUAbgBpAHQAaQBlAHMALAAgAGEAbgBkACAAQwBoAGEAbABsAGUAbgBnAGUAcwAuAHAAZABmAA8AGgAMAE0AYQBjAGkAbgB0AG8AcwBoACAASABEABIAalVzZXJzL21lcnRjYW55aWdpbi9Ecm9wYm94L1RoZXNpcy9wYXBlcnMvMTEpIFNlbnNvciBOZXR3b3Jrcy0gRXZvbHV0aW9uLCBPcHBvcnR1bml0aWVzLCBhbmQgQ2hhbGxlbmdlcy5wZGYAEwABLwAAFQACABP//wAAgAbSGxwdHlokY2xhc3NuYW1lWCRjbGFzc2VzXU5TTXV0YWJsZURhdGGjHR8gVk5TRGF0YVhOU09iamVjdNIbHCIjXE5TRGljdGlvbmFyeaIiIF8QD05TS2V5ZWRBcmNoaXZlctEmJ1Ryb290gAEACAARABoAIwAtADIANwBAAEYATQBVAGAAZwBqAGwAbgBxAHMAdQB3AIQAjgDfAOQA7ANCA0QDSQNUA10DawNvA3YDfwOEA5EDlAOmA6kDrgAAAAAAAAIBAAAAAAAAACgAAAAAAAAAAAAAAAAAAAOw}}

@misc{10,
	Date-Added = {2015-10-12 13:07:57 +0000},
	Date-Modified = {2015-10-12 14:30:33 +0000},
	Howpublished = {Website},
	Month = {2015.},
	Title = {Smoothing},
	Url = {http://en.wikipedia.org/w/index.php?title=Smoothing&oldid=644192869},
	Year = {Available online at\url{https://en.wikipedia.org/wiki/Smoothing}},
	Bdsk-Url-1 = {http://en.wikipedia.org/w/index.php?title=Smoothing&oldid=644192869}}

@article{9,
	Author = {Abdelkrim Hadjidj and Marion Souil and Abdelmadjid Bouabdallah and Yacine Challal and Henry Owen},
	Date-Added = {2015-10-12 13:06:30 +0000},
	Date-Modified = {2015-10-12 13:32:36 +0000},
	Journal = {Network and Computer Applications},
	Title = {Wireless Sensor Networks for Rehabilitation Applications: Challenges and Opportunities},
	Year = {2013},
	Bdsk-File-1 = {YnBsaXN0MDDUAQIDBAUGJCVYJHZlcnNpb25YJG9iamVjdHNZJGFyY2hpdmVyVCR0b3ASAAGGoKgHCBMUFRYaIVUkbnVsbNMJCgsMDxJXTlMua2V5c1pOUy5vYmplY3RzViRjbGFzc6INDoACgAOiEBGABIAFgAdccmVsYXRpdmVQYXRoWWFsaWFzRGF0YV8QHy4uLy4uL3BhcGVycy85KSBzdXJ2ZXlfSk5DQS5wZGbSFwsYGVdOUy5kYXRhTxEBugAAAAABugACAAAMTWFjaW50b3NoIEhEAAAAAAAAAAAAAAAAAAAAyrlTdEgrAAAEpjaQEjkpIHN1cnZleV9KTkNBLnBkZgAAAAAAAAAAAAAAAAAAAAAAAAAAAAAAAAAAAAAAAAAAAAAAAAAAAAAAAAAAAASmNevRRIiwAAAAAAAAAAAAAgACAAAJIAAAAAAAAAAAAAAAAAAAAAZwYXBlcnMAEAAIAADKuTdUAAAAEQAIAADRRGyQAAAAAQAUBKY2kAShHw4ADp9tAAUe8gAAwCMAAgBNTWFjaW50b3NoIEhEOlVzZXJzOgBtZXJ0Y2FueWlnaW46AERyb3Bib3g6AFRoZXNpczoAcGFwZXJzOgA5KSBzdXJ2ZXlfSk5DQS5wZGYAAA4AJgASADkAKQAgAHMAdQByAHYAZQB5AF8ASgBOAEMAQQAuAHAAZABmAA8AGgAMAE0AYQBjAGkAbgB0AG8AcwBoACAASABEABIAO1VzZXJzL21lcnRjYW55aWdpbi9Ecm9wYm94L1RoZXNpcy9wYXBlcnMvOSkgc3VydmV5X0pOQ0EucGRmAAATAAEvAAAVAAIAE///AACABtIbHB0eWiRjbGFzc25hbWVYJGNsYXNzZXNdTlNNdXRhYmxlRGF0YaMdHyBWTlNEYXRhWE5TT2JqZWN00hscIiNcTlNEaWN0aW9uYXJ5oiIgXxAPTlNLZXllZEFyY2hpdmVy0SYnVHJvb3SAAQAIABEAGgAjAC0AMgA3AEAARgBNAFUAYABnAGoAbABuAHEAcwB1AHcAhACOALAAtQC9AnsCfQKCAo0ClgKkAqgCrwK4Ar0CygLNAt8C4gLnAAAAAAAAAgEAAAAAAAAAKAAAAAAAAAAAAAAAAAAAAuk=}}

@article{8,
	Author = {Paul Lukowicz and Oliver Amft and David Bannach},
	Date-Added = {2015-10-12 13:04:21 +0000},
	Date-Modified = {2015-10-12 13:32:15 +0000},
	Title = {Rapid Prototyping of Activity Recognition Applications},
	Year = {2008},
	Bdsk-File-1 = {YnBsaXN0MDDUAQIDBAUGJCVYJHZlcnNpb25YJG9iamVjdHNZJGFyY2hpdmVyVCR0b3ASAAGGoKgHCBMUFRYaIVUkbnVsbNMJCgsMDxJXTlMua2V5c1pOUy5vYmplY3RzViRjbGFzc6INDoACgAOiEBGABIAFgAdccmVsYXRpdmVQYXRoWWFsaWFzRGF0YV8QHy4uLy4uL3BhcGVycy84KSBDUk4gVG9vbGJveC5wZGbSFwsYGVdOUy5kYXRhTxEBugAAAAABugACAAAMTWFjaW50b3NoIEhEAAAAAAAAAAAAAAAAAAAAyrlTdEgrAAAEpjaQEjgpIENSTiBUb29sYm94LnBkZgAAAAAAAAAAAAAAAAAAAAAAAAAAAAAAAAAAAAAAAAAAAAAAAAAAAAAAAAAAAASnQC7RRIiiAAAAAAAAAAAAAgACAAAJIAAAAAAAAAAAAAAAAAAAAAZwYXBlcnMAEAAIAADKuTdUAAAAEQAIAADRRGyCAAAAAQAUBKY2kAShHw4ADp9tAAUe8gAAwCMAAgBNTWFjaW50b3NoIEhEOlVzZXJzOgBtZXJ0Y2FueWlnaW46AERyb3Bib3g6AFRoZXNpczoAcGFwZXJzOgA4KSBDUk4gVG9vbGJveC5wZGYAAA4AJgASADgAKQAgAEMAUgBOACAAVABvAG8AbABiAG8AeAAuAHAAZABmAA8AGgAMAE0AYQBjAGkAbgB0AG8AcwBoACAASABEABIAO1VzZXJzL21lcnRjYW55aWdpbi9Ecm9wYm94L1RoZXNpcy9wYXBlcnMvOCkgQ1JOIFRvb2xib3gucGRmAAATAAEvAAAVAAIAE///AACABtIbHB0eWiRjbGFzc25hbWVYJGNsYXNzZXNdTlNNdXRhYmxlRGF0YaMdHyBWTlNEYXRhWE5TT2JqZWN00hscIiNcTlNEaWN0aW9uYXJ5oiIgXxAPTlNLZXllZEFyY2hpdmVy0SYnVHJvb3SAAQAIABEAGgAjAC0AMgA3AEAARgBNAFUAYABnAGoAbABuAHEAcwB1AHcAhACOALAAtQC9AnsCfQKCAo0ClgKkAqgCrwK4Ar0CygLNAt8C4gLnAAAAAAAAAgEAAAAAAAAAKAAAAAAAAAAAAAAAAAAAAuk=}}

@misc{7,
	Author = {Available online at\url{http://arduino.cc/en/Main/ArduinoBoardLilyPadSimple}},
	Date-Added = {2015-10-12 13:03:58 +0000},
	Date-Modified = {2015-10-12 14:19:51 +0000},
	Howpublished = {Website},
	Title = {Arduino},
	Url = {Available online at\url{http://arduino.cc/en/Main/ArduinoBoardLilyPadSimple}},
	Bdsk-Url-1 = {http://arduino.cc/en/Main/ArduinoBoardLilyPadSimple}}

@article{6,
	Author = {Gemperle, F. and Kasabach, C. and Stivoric, J. and Bauer, M. and Martin, R.},
	Date-Added = {2015-10-12 13:02:08 +0000},
	Date-Modified = {2015-10-12 13:32:01 +0000},
	Journal = {Second International Symposium},
	Month = {10},
	Pages = {116,122},
	Title = {"Design for wearability" Wearable Computers},
	Year = {1998}}

@article{5,
	Author = {Paul Lukowicz and Oliver Amft and Marco Hirsch and Jingyuan Cheng and Attila Reiss and Mathias Sundholm},
	Date-Added = {2015-10-12 12:59:26 +0000},
	Date-Modified = {2015-10-12 13:31:37 +0000},
	Journal = {ISWC},
	Title = {Hands-free gesture control with a capacitive textile neckband},
	Year = {2014}}

@article{4,
	Author = {Zysset C. and Cherenack K. and Kinkeldei T. and Troster, G},
	Date-Added = {2015-10-12 12:57:22 +0000},
	Date-Modified = {2015-10-12 13:31:13 +0000},
	Journal = {ISWC},
	Title = {Weaving integrated circuits into textiles},
	Year = {2010}}

@article{3,
	Author = {Edward O. Thorp},
	Date-Added = {2015-10-12 12:55:05 +0000},
	Date-Modified = {2015-10-12 12:56:02 +0000},
	Title = {The Invention of the First Wearable Computer},
	Bdsk-File-1 = {YnBsaXN0MDDUAQIDBAUGJCVYJHZlcnNpb25YJG9iamVjdHNZJGFyY2hpdmVyVCR0b3ASAAGGoKgHCBMUFRYaIVUkbnVsbNMJCgsMDxJXTlMua2V5c1pOUy5vYmplY3RzViRjbGFzc6INDoACgAOiEBGABIAFgAdccmVsYXRpdmVQYXRoWWFsaWFzRGF0YV8QOC4uLy4uL3BhcGVycy8zKSBFZHdhcmQgVGhvcnAgRmlyc3QgV2VhcmFibGUgQ29tcHV0ZXIucGRm0hcLGBlXTlMuZGF0YU8RAhAAAAAAAhAAAgAADE1hY2ludG9zaCBIRAAAAAAAAAAAAAAAAAAAAMq5U3RIKwAABKY2kB8zKSBFZHdhcmQgVGhvcnAgRmlyIzRCODY4QTUucGRmAAAAAAAAAAAAAAAAAAAAAAAAAAAAAAAAAAAAAAAAAAAEuGil0S3S0gAAAAAAAAAAAAIAAgAACSAAAAAAAAAAAAAAAAAAAAAGcGFwZXJzABAACAAAyrk3VAAAABEACAAA0S3EwgAAAAEAFASmNpAEoR8OAA6fbQAFHvIAAMAjAAIAWk1hY2ludG9zaCBIRDpVc2VyczoAbWVydGNhbnlpZ2luOgBEcm9wYm94OgBUaGVzaXM6AHBhcGVyczoAMykgRWR3YXJkIFRob3JwIEZpciM0Qjg2OEE1LnBkZgAOAFgAKwAzACkAIABFAGQAdwBhAHIAZAAgAFQAaABvAHIAcAAgAEYAaQByAHMAdAAgAFcAZQBhAHIAYQBiAGwAZQAgAEMAbwBtAHAAdQB0AGUAcgAuAHAAZABmAA8AGgAMAE0AYQBjAGkAbgB0AG8AcwBoACAASABEABIAVFVzZXJzL21lcnRjYW55aWdpbi9Ecm9wYm94L1RoZXNpcy9wYXBlcnMvMykgRWR3YXJkIFRob3JwIEZpcnN0IFdlYXJhYmxlIENvbXB1dGVyLnBkZgATAAEvAAAVAAIAE///AACABtIbHB0eWiRjbGFzc25hbWVYJGNsYXNzZXNdTlNNdXRhYmxlRGF0YaMdHyBWTlNEYXRhWE5TT2JqZWN00hscIiNcTlNEaWN0aW9uYXJ5oiIgXxAPTlNLZXllZEFyY2hpdmVy0SYnVHJvb3SAAQAIABEAGgAjAC0AMgA3AEAARgBNAFUAYABnAGoAbABuAHEAcwB1AHcAhACOAMkAzgDWAuoC7ALxAvwDBQMTAxcDHgMnAywDOQM8A04DUQNWAAAAAAAAAgEAAAAAAAAAKAAAAAAAAAAAAAAAAAAAA1g=}}

@article{2,
	Author = {Niels Henze and Stefan Schneegass and Tobias Birmili and Mariam Hassib},
	Date-Added = {2015-10-12 12:50:30 +0000},
	Date-Modified = {2015-10-12 13:30:56 +0000},
	Journal = {ISWC},
	Title = {Towards a Garment OS: Supporting Application Development for Smart Garments},
	Year = {2014},
	Bdsk-File-1 = {YnBsaXN0MDDUAQIDBAUGJCVYJHZlcnNpb25YJG9iamVjdHNZJGFyY2hpdmVyVCR0b3ASAAGGoKgHCBMUFRYaIVUkbnVsbNMJCgsMDxJXTlMua2V5c1pOUy5vYmplY3RzViRjbGFzc6INDoACgAOiEBGABIAFgAdccmVsYXRpdmVQYXRoWWFsaWFzRGF0YV8QHi4uLy4uL3BhcGVycy8yKSBHYXJtZW50IE9TLnBkZtIXCxgZV05TLmRhdGFPEQG0AAAAAAG0AAIAAAxNYWNpbnRvc2ggSEQAAAAAAAAAAAAAAAAAAADKuVN0SCsAAASmNpARMikgR2FybWVudCBPUy5wZGYAAAAAAAAAAAAAAAAAAAAAAAAAAAAAAAAAAAAAAAAAAAAAAAAAAAAAAAAAAAAABNeiedE5hhUAAAAAAAAAAAACAAIAAAkgAAAAAAAAAAAAAAAAAAAABnBhcGVycwAQAAgAAMq5N1QAAAARAAgAANE5eAUAAAABABQEpjaQBKEfDgAOn20ABR7yAADAIwACAExNYWNpbnRvc2ggSEQ6VXNlcnM6AG1lcnRjYW55aWdpbjoARHJvcGJveDoAVGhlc2lzOgBwYXBlcnM6ADIpIEdhcm1lbnQgT1MucGRmAA4AJAARADIAKQAgAEcAYQByAG0AZQBuAHQAIABPAFMALgBwAGQAZgAPABoADABNAGEAYwBpAG4AdABvAHMAaAAgAEgARAASADpVc2Vycy9tZXJ0Y2FueWlnaW4vRHJvcGJveC9UaGVzaXMvcGFwZXJzLzIpIEdhcm1lbnQgT1MucGRmABMAAS8AABUAAgAT//8AAIAG0hscHR5aJGNsYXNzbmFtZVgkY2xhc3Nlc11OU011dGFibGVEYXRhox0fIFZOU0RhdGFYTlNPYmplY3TSGxwiI1xOU0RpY3Rpb25hcnmiIiBfEA9OU0tleWVkQXJjaGl2ZXLRJidUcm9vdIABAAgAEQAaACMALQAyADcAQABGAE0AVQBgAGcAagBsAG4AcQBzAHUAdwCEAI4ArwC0ALwCdAJ2AnsChgKPAp0CoQKoArECtgLDAsYC2ALbAuAAAAAAAAACAQAAAAAAAAAoAAAAAAAAAAAAAAAAAAAC4g==}}

@misc{1,
	Date-Added = {2015-10-12 12:47:07 +0000},
	Date-Modified = {2015-10-12 14:31:25 +0000},
	Howpublished = {Website},
	Keywords = {E-textiles},
	Month = {2015.},
	Read = {0},
	Title = {E-textiles},
	Url = {Available online at \url{http://en.wikipedia.org/w/index.php?title=E-textiles&oldid=653470187}},
	Year = {Available online at \url{https://en.wikipedia.org/wiki/E-textiles}},
	Bdsk-Url-1 = {http://en.wikipedia.org/w/index.php?title=E-textiles&oldid=653470187}}

@book{Bruegge2004,
	Author = {Bernd Bruegge and Allen H. Dutoit},
	Date-Modified = {2015-10-12 13:45:03 +0000},
	Publisher = {Prentice Hall},
	Timestamp = {2013.10.17},
	Title = {Object-Oriented Software Engineering: Using UML, Patterns and Java},
	Year = {2003}}
